@misc{Boerneliv,
	author = "Trygfonden og Mandagmorgen",
	title = "Børneliv - Ifølge Danskerne",
	year = "2012",
	howpublished = "Trygfonden og Mandag morgen, \url{https://www.mm.dk/børneliv-–-ifølge-danskerne}, Rosendahls",
	note = "[Online; tilgået 24. februar 2013]"
}

@misc{DanskeB1,
	author = "YouGov {for Danske Bank}",
	title = "Financial Literacy - Dream on",
	year = "2011",
	howpublished = "DanskeBank.dk, \url{http://www.danskebank.dk/PDF/Finansiel-forstaaelse/FinancialLiteracy-DreamOn-15-17.pdf}",
	note = "[Online; tilgået 18. februar 2013]"
}
 
@misc{DanskeB2,
	author = "{Danske Bank}",
	title = "Lommepengemodeller",
	year = "",
	howpublished = "DanskeBank.dk, \url{http://financialguidance.danskebank.dk/article/lommepengemodeller-2/}",
	note = "[Online; tilgået 18. februar 2013]"
}
 
@misc{DanskeB3,
	author = "{Danske Bank}",
	title = "De 5 lommepengemodeller",
	year = "",
	howpublished = "DanskeBank.dk, \url{http://financialguidance.danskebank.dk/article/lommepenge-har-betydning-gennem-hele-livet/}",
	note = "[Online; tilgået 18. februar 2013]"
}
 
@misc{MindLab1,
	author = "MindLab",
	title = "Unges økonomiske forståelse",
	year = "",
	howpublished = "Mind-Lab.dk, \url{http://www.mind-lab.dk/cases/unges-oekonomiske-forstaaelse}",
	note = "[Online; tilgået 18. februar2013]"
}

@misc{BusinessDK1,
	author = "{Berlinske Business}",
	title = "Unge har studiegæld for 22 milliarder",
	year = "2011",
	howpublished = "Business.dk, \url{http://www.business.dk/bank/unge-har-studiegaeld-for-22-milliarder/}",
	note = "[Online; tilgået 18. februar 2013]"
}

@misc{BusinessDK2,
	author = "{Berlinske Business}",
	title = "Unge har rod i privatøkonomien",
	year = "2011",
	howpublished = "Business.dk, \url{http://www.business.dk/bank/unge-har-rod-i-privatoekonomien}",
	note = "[Online; tilgået 18. februar 2013]"
}

@misc{BusinessDK3,
	author = "{Berlinske Business}",
	title = "Privatøkonomi skal på skoleskemaet",
	year = "2011",
	howpublished = "Business.dk, \url{http://www.business.dk/bank/privatoekonomi-skal-paa-skoleskemaet}",
	note = "Online; tilgået 28. februar 2013"
}

@misc{TaenkDK1,
	author = "Tænk Forbrugerrådet",
	title = "Privatøkonomi skal på skoleskemaet",
	year = "2012",
	howpublished = "Tænk.dk, \url{http://taenk.dk/nyheder/privatokonomi-skal-paa-skoleskemaet}",
	note = "[Online; tilgået 18. februar 2013]"
}

@misc{Nordea1,
	author = "Ann Lehmann Erichsen",
	title = "Det skal børn gøre for lommepenge",
	year = "2011",
	howpublished = "Nordea.dk, \url{http://newsroom.nordea.com/da/blogpost/det-skal-b%C3%B8rn-g%C3%B8re-for-lommepenge/}",
	note = "[Online; tilgået 18. februar 2013]"
}

@misc{FDB1,
	author = "Lars Aarup",
	title = "Hvert andet barn får lommepenge",
	year = "2011",
	howpublished = "FDB.dk, \url{http://fdb.dk/analyse/hvert-andet-barn-f%C3%A5r-lommepenge}",
	note = "[Online; tilgået 18. februar 2013]"
}

@misc{jobindex,
	author = "Ulla Oppermann Blankholm",
	title = "Unge har svært ved at betale SU-lån tilbage",
	year = "2011",
	howpublished = "jobindex.dk, \url{http://www.jobindex.dk/cms/unge-har-svaert-ved-at-betale-su-laan-tilbage}",
	note = "[Online; tilgået 24. februar 2013]"
}

@misc{dr.dk,
	author = "Ulla Søgaard Thomsen",
	title = "Unge sætter rekord i gæld",
	year = "2011",
	howpublished = "dr.dk, \url{http://www.dr.dk/Nyheder/Ligetil/Dagens_fokus/Indland/2011/06/070711.htm}",
	note = "[Online; tilgået 24. februar 2013]"
}

@misc{ForaldreAnsvar,
	title = "Læserne: Hvor er forældreansvaret?",
	author = "Johannes Kaas Falles",
	year = "2012",
	howpublished = "jp.dk, \url{http://jyllands-posten.dk/indland/article4810604.ece}",
	note = "[Online, tilgået 03. marts 2013]"
}

@misc{Sindal,
 	title = "Luksusfælden på skoleskemaet",
	author = "Anne Katinka Hansen",
	year = "2012",
	howpublished = "uvm.dk, \url{http://www.uvm.dk/I-fokus/Undervisning-i-privatoekonomi/Luksusfaelden-paa-skoleskemaet}",
	note = "[Online, tilgået 07. marts 2013]"

}

@misc{SUreform,
 	title = "SU-reformen",
	author = "Morten Østergaard",
	year = "2013",
	howpublished = "su.dk, \url{http://www.su.dk/Nyheder/Sider/su-reformen.aspx}",
	note = "[Online, tilgået 12. marts 2013]"

}

@misc{SabbatAar,
 	title = "Hjælp til et problemfrit sabbatår",
	author = "Hanne Heimbürger",
	year = "2012",
	howpublished = "emu.dk, \url{http://www.emu.dk/gym/elever/uddannelse/sabbataar.html}",
	note = "[Online, tilgået 12. marts 2013]"

}

@misc{Bekendtgorelse,
	title = "Bekendtgørelse om formålet med undervisningen i folkeskolens fag og obligatoriske emner med angivelse af centrale kundskabs- og færdighedsområder (slutmål) og trinmål",
	author = "Undervisningsministeriet",
	year = "2003",
	howpublished = "retsinformation.dk, \url{https://www.retsinformation.dk/Forms/R0710.aspx?id=24139}",
	note = "[Online, tilgået 24. marts 2013]"
}

@misc{BornSmart,
	author = "{Lokal Avisen}",
	title = "Ny undersøgelse: Børn får smartphones som 8-årige",
	year = "2012",
	howpublished = "lokalavisen.dk, \url{http://lokalavisen.dk/ny-undersoegelse-boern-faar-smartphones-som-8-aarige-/20120923/artikler/120929691/1051}",
	note = "[Online; tilgået 19. marts 2013]"
}

@misc{DanskeBank,
	author = "{Danske Bank}",
	title = "Ny netbank",
	year = "2012",
	howpublished = "danskebank.dk, \url{http://www.danskebank.dk/da-dk/privat/selvbetjening/raadgivning/ny-netbank/pages/ny-netbank.aspx}",
	note = "[Online; tilgået 04. april 2013]"
}

@misc{MTurk,
	author = "{Amazon}",
	title = "General Questions",
	year = "2013",
	howpublished = "mturk.com, \url{https://www.mturk.com/mturk/help?helpPage=overview}",
	note = "[Online; tilgået 07. maj 2013]"
}

@misc{MTurk2,
	author = "{Amazon}",
	title = "Getting Paid",
	year = "2013",
	howpublished = "mturk.com, \url{https://www.mturk.com/mturk/help?helpPage=overview}",
	note = "[Online; tilgået 07. maj 2013]"
}

@misc{Sciencemag,
	author = "{John Bohannon}",
	title = "Social Science for Pennies",
	year = "2011",
	howpublished = "sciencemag.org, \url{https://www.mturk.com/mturk/help?helpPage=worker#how_paid}",
	note = "[Online; tilgået 07. maj 2013]"
}

@misc{ShortTask,
	author = "{ShortTask}",
	title = "How it works",
	year = "2012",
	howpublished = "shorttask.com, \url{http://www.shorttask.com/about-us.php}",
	note = "[Online; tilgået 07. maj 2013]"
}


@misc{MTurkIMG,
	author = "{Amazon}",
	title = "learn more about being a Worker",
	year = "2013",
	howpublished = "mturk.com, \url{https://www.mturk.com/images/intro/learnmore_worker_hits.gif}",
	note = "[Online; tilgået 07. maj 2013]"
}
@misc{msdn1,
	title = "The MVVM Pattern",
	author = "Microsoft",
	year = "2012",
	howpublished = "msdn.microsoft.com, \url{http://msdn.microsoft.com/en-us/library/hh848246.aspx}",
	note = "[Online, tilgået 08. maj 2013]"
}

@misc{msdn2,
	title = "WPF og XAML",
	author = "Microsoft",
	year = "2012",
	howpublished = "msdn.microsoft.com, \url{http://msdn.microsoft.com/en-us/library/aa970268.aspx}",
	note = "[Online, tilgået 09. maj 2013]"
}

@misc{msdn-databinding,
	title = "Data Binding Overview",
	author = "Microsoft",
	year = "2013",
	howpublished = "msdn.microsoft.com, \url{http://msdn.microsoft.com/DA-DK/library/ms752347.aspx}",
	note = "[Online, tilgået 08. maj 2013]"
}

@misc{xmlspecs,
	title = "Extensible Markup Language (XML) 1.0 (Fifth Edition)",
	author = "W3C",
	year = "2008",
	howpublished = "http://www.w3.org, \url{http://www.w3.org/TR/2008/REC-xml-20081126/}",
	note = "[Online, tilgået 16. maj 2013]"
}

@misc{ORIM,
	title = "The Object-Relational Impedance Mismatch",
	author = "AgileData.org",
	howpublished = "http://www.agiledata.org, \url{http://www.agiledata.org/essays/impedanceMismatch.html}",
	note = "[Online, tilgået 16. maj 2013]"
}

@misc{linqdok,
	title = "Introduction to LINQ",
	author = "Microsoft",
	year = "2012",
	howpublished = "msdn.microsoft.com, \url{http://msdn.microsoft.com/en-us/library/vstudio/bb397897%28v=vs.110%29.aspx}",
	note = "[Online, tilgået 16. maj 2013]"
}

@misc{MobilAlder,
	title = "Is the age at which kids get cell phones getting younger?",
	author = "Amanda Lenhart",
	year = "2010",
	howpublished = "msdn.microsoft.com, \url{http://pewinternet.org/Commentary/2010/December/Is-the-age-at-which-kids-get-cell-phones-getting-younger.aspx}",
	note = "[Online, tilgået 17. maj 2013]"
}

@booklet{FallesMalMatematik,
	title = "Fælles Mål 2009 - Matematik",
	author = "Undervisningsministeriet",
	year = "2009",
	howpublished = "uvm.dk, \url{http://www.uvm.dk/Service/Publikationer/Publikationer/Folkeskolen/2009/Faelles-Maal-2009-Matematik}",
	note = "[Pdf, tilgået 26. februar 2013]"
}

@booklet{FallesMalSamfundsfag,
	title = "Fælles Mål 2009 - Samfundsfag",
	author = "Undervisningsministeriet",
	year = "2009",
	howpublished = "uvm.dk, \url{http://www.uvm.dk/Service/Publikationer/Publikationer/Folkeskolen/2009/Faelles-Maal-2009-Samfundsfag}",
	note = "[Pdf, tilgået 26. februar 2013]"
}

@book{ObjektAnalyseDesign,
	title = "Objektorienteret analyse og design",
	publisher = "Marko",
	author = "Lars Mathiassen and Andreas Munk-Madsen and Nielsen, Peter Axel and Jan Stage",
	year = "1998",
	edition = "2",
	isbn = "8777511298",
}

